@misc{lahman, title={Lahman's Baseball Database}, url={http://www.seanlahman.com/baseball-archive/statistics/}, author={Lahman, Sean}} 
@misc{baseball-reference-price, title={David Price Stats}, url={https://www.baseball-reference.com/players/p/priceda01.shtml}, author={BaseballReference}}
@misc{baseball-reference-harper, title={Bryce Harper Stats}, url={https://www.baseball-reference.com/players/h/harpebr03.shtml}, author={BaseballReference}}
@misc{baseball-reference-pujols, title={Albert Pujols Stats}, url={https://www.baseball-reference.com/players/p/pujolal01.shtml}, author={BaseballReference}}
@misc{rosterresource-2018-fa, title={MLB Free Agent Tracker 2018}, url={https://www.rosterresource.com/mlb-free-agent-tracker-2018-19/}, author={RosterResource}}
@misc{fangraphs-war, title={What is WAR?}, url={https://library.fangraphs.com/misc/war/}, author={Slowinski, Steve}}
@misc{baseball-savant-trout, title={Mike Trout - Baseball Savant}, url={https://baseballsavant.mlb.com/savant-player/mike-trout-545361?stats=statcast-r-hitting-mlb}, author={BaseballSavant}}
@misc{baseball-savant-kershaw, title={Clayton Kershaw - Baseball Savant}, url={https://baseballsavant.mlb.com/savant-player/clayton-kershaw-477132?stats=statcast-r-pitching-mlb}, author={BaseballSavant}}